@book{jalongo2016writing,
  title={Writing for publication},
  author={Jalongo, Mary Renck and Saracho, Olivia N},
  year={2016},
  publisher={Springer}
}
@phdthesis{moises2020reconhecimento,
    author={Moisés Roberto de Araújo Mota},
    title ={Reconhecimento de emoções em sinais de EEG via deep learning e reconstrução do espaço de fase},
    school={Universidade Federal de Campina Grande},
    year = {2020}
}
@article{nalepa2019emotionalcontext,
  title={Analysis and use of the emotional context with wearable devices for games and intelligent assistants},
  author={Nalepa, Grzegorz J and Kutt, Krzysztof and Gi{\.z}ycka, Barbara and Jemio{\l}o, Pawe{\l} and Bobek, Szymon},
  journal={Sensors},
  volume={19},
  number={11},
  pages={2509},
  year={2019},
  publisher={MDPI}
}
@mastersthesis{filipa2019emovere,
    author = {Andreia Filipa dos Santos Batista},
    title = {Emovere: como podemos usar as emoções e a computação afetiva no design de um jogo},
    school = {Universidade de Lisboa},
    year = {2019}
}
@article{vieira2009modelos,
  title={Modelos e Processos para o desenvolvimento de Sistemas Sens{\'\i}veis ao Contexto},
  author={Vieira, Vaninha and Tedesco, Patricia and Salgado, Ana Carolina},
  journal={Andr{\'e} Ponce de Leon F. de Carvalho, Tomasz Kowaltowski.(Org.). Jornadas de Atualização em Informática},
  pages={381--431},
  year={2009}
}
@article{biofeedback2008biofeedback,
  title={Biofeedback: an overview in the context of heart-brain medicine},
  author={McKEE, Michael G.},
  journal={Cleveland Clinic journal of medicine},
  volume={75},
  pages={S31},
  year={2008}
}

@article{rocha2022analise,
  title={Análise e interpretação de sinais neurais para utilização eletroeletrônica},
  author={Rocha, Isabella Lanes and Generozo, ítallo Rocha and Amorim, Natan Cerqueira and Dos Santos, Ramon Alves},
  journal={Brazilian Journal of Development},
  volume={8},
  number={7},
  pages={50429--50444},
  year={2022}
}

@article{shimizu2022improving,
  title={Improving classification and reconstruction of imagined images from EEG signals},
  author={Shimizu, Hirokatsu and Srinivasan, Ramesh},
  journal={Plos one},
  volume={17},
  number={9},
  pages={e0274847},
  year={2022},
  publisher={Public Library of Science San Francisco, CA USA}
}

@article{batista2018estudo,
  title={Um estudo sobre a hist{\'o}ria dos jogos eletr{\^o}nicos},
  author={Batista, M{\^o}nica de Lourdes Souza and Quint{\~a}o, Patr{\'\i}cia Lima and Lima, S{\'e}rgio Muinhos Barroso and Campos, Luciana Concei{\c{c}}{\~a}o Dias and BATISTA, Thiago Jos{\'e} de Souza},
  journal={Revista Eletr{\^o}nica da Faculdade Metodista Granbery-http://re. granbery. edu. br-ISSN},
  pages={0377},
  year={2018}
}

@online{gameengine,
    author = "ARM",
    title = "What is a Gaming Engine?",
    url  = "https://www.arm.com/glossary/gaming-engines",
    addendum = "(accessed: 17/08/2024)",
    keywords = "game, engine, framework"
}

@online{castlevania,
    author = "Mobygames",
    title = "Castlevania Franchise Mobygames webpage",
    url  = "https://www.mobygames.com/game/3739/castlevania-symphony-of-the-night/",
    addendum = "(accessed: 16/08/2024)",
    keywords = "castlevania, game"
}

@online{supermetroid,
    author = "Mobygames",
    title = "Super Metroid mobygames webpage",
    url  = "https://www.mobygames.com/game/6627/super-metroid/",
    addendum = "(accessed: 16/08/2024)",
    keywords = "metroid, supermetroid, game"
}

@online{Unitysite,
    author = "Unity",
    title = "Unity Game Engine",
    url  = "https://unity.com/pt",
    addendum = "(accessed: 04/03/2024)",
    keywords = "unity,gameengine, engine, games"
}

@online{Microsoftband2,
    author = "Microsoft",
    title = "Microsoft Band 2 suporte",
    url  = "https://support.microsoft.com/en-gb/topic/what-can-i-still-do-with-my-microsoft-band-a2a59355-5be0-3441-9fff-4dc27bcbafb5",
    addendum = "(accessed: 07/06/2024)",
    keywords = "microsoft,band2,watch"
}

@online{acessibilidadenosjogos,
    author = "Vivi Werneck",
    title = "Acessibilidade em games: jogos para todos (de verdade)",
    url  = "https://tecnoblog.net/especiais/acessibilidade-em-games-jogos-para-todos-de-verdade/",
    addendum = "(accessed: 15/08/2024)",
    keywords = "acessibilidade,jogos,games"
}

@online{empatica4site,
    author = "Empatica",
    title = "Pulseira Empatica E4",
    url  = "https://www.empatica.com/en-int/research/e4/",
    addendum = "(accessed: 07/05/2024)",
    keywords = "pulseira,empatica"
}

@online{bitalinoprosuto,
    author = "BITALINO",
    title = "BITalino (r)evolution Board Kit BLE/BT",
    url  = "https://www.pluxbiosignals.com/products/bitalino-revolution-board-kit-ble-bt",
    addendum = "(accessed: 15/04/2024)",
    keywords = "board,kit,bitalino,ble,bt"
}

@online{awaresite,
    author = {AWARE},
    title = {AWARE Framework},
    url  = {https://awareframework.com/},
    addendum = {(accessed: 11/05/2024)},
    keywords = {aware,framework}
}
@online{heartdroidsite,
    author = {Bobek, Szymon},
    title = {HeaRTDroid},
    url  = {https://heartdroid.re/},
    addendum = {(accessed: 11/05/2024)},
    keywords = {bobek,heartdroid}
}
@online{eegimportanciasite,
    author = {Erika Nyhus},
    title = {From diagnosing brain disorders to cognitive enhancement, 100 years of EEG have transformed neuroscience},
    url  = {https://theconversation.com/from-diagnosing-brain-disorders-to-cognitive-enhancement-100-years-of-eeg-have-transformed-neuroscience-218012},
    addendum = {(accessed: 15/08/2024)},
    keywords = {nyhus, eeg}
}

@dataset{linkbase1,
  author = {Julie Onton and Scott Makeig},
  title = {"Imagined Emotion Study"},
  year = {2022},
  doi = {doi:10.18112/openneuro.ds003004.v1.1.1},
  publisher = {OpenNeuro}
}

@dataset{linkbase2,
  author = {Sudhakar Mishra and Md. Asif and Uma Shanker Tiwary and Narayanan Srinivasan},
  title = {"Dataset on Emotion with Naturalistic Stimuli (DENS)"},
  year = {2023},
  doi = {doi:10.18112/openneuro.ds003751.v1.0.6},
  publisher = {OpenNeuro}
}

@inproceedings{bandreader,
author = {Kutt, Krzysztof and Nalepa, Grzegorz and Giżycka, Barbara and Jemioło, Paweł and Adamczyk, Marcin},
year = {2018},
month = {07},
pages = {42-48},
title = {BandReader – A Mobile Application for Data Acquisition from Wearable Devices in Affective Computing Experiments},
doi = {10.1109/HSI.2018.8431271}
}
